@Manual{R-base,
  title = {R: A Language and Environment for Statistical Computing},
  author = {{R Core Team}},
  organization = {R Foundation for Statistical Computing},
  address = {Vienna, Austria},
  year = {2019},
  url = {https://www.R-project.org/},
}
@Manual{R-papaja,
  author = {Frederik Aust and Marius Barth},
  title = {{papaja}: {Create} {APA} manuscripts with {R Markdown}},
  year = {2020},
  note = {R package version 0.1.0.9942},
  url = {https://github.com/crsh/papaja},
}
@Manual{R-crqa,
  title = {crqa: Cross-Recurrence Quantification Analysis for Categorical and
Continuous Time-Series},
  author = {Moreno I. Coco and Rick Dale with contributions of James D. Dixon and John Nash},
  year = {2018},
  note = {R package version 1.0.9},
  url = {https://CRAN.R-project.org/package=crqa},
}
@Article{R-dotCall64_a,
  title = {{dotCall64}: An {R} package providing an efficient interface to compiled {C}, {C++}, and {Fortran} code supporting long vectors},
  author = {Florian Gerber and Kaspar Moesinger and Reinhard Furrer},
  journal = {SoftwareX},
  year = {2018},
  volume = {7},
  pages = {217--221},
  issn = {2352-7110},
  doi = {10.1016/j.softx.2018.06.002},
}
@Article{R-dotCall64_b,
  title = {Extending {R} packages to support 64-bit compiled code: An illustration with spam64 and {GIMMS} {NDVI3g} data},
  author = {Florian Gerber and Kaspar Moesinger and Reinhard Furrer},
  journal = {Computer & Geoscience},
  year = {2017},
  volume = {104},
  pages = {109--119},
  issn = {0098-3004},
  doi = {10.1016/j.cageo.2016.11.015},
}
@Manual{R-dplyr,
  title = {dplyr: A Grammar of Data Manipulation},
  author = {Hadley Wickham and Romain François and Lionel Henry and Kirill Müller},
  year = {2020},
  note = {R package version 0.8.5},
  url = {https://CRAN.R-project.org/package=dplyr},
}
@Misc{R-fields,
  title = {fields: Tools for spatial data},
  author = {{Douglas Nychka} and {Reinhard Furrer} and {John Paige} and {Stephan Sain}},
  note = {R package version 9.9},
  organization = {University Corporation for Atmospheric Research},
  address = {Boulder, CO, USA},
  year = {2017},
  url = {https://github.com/NCAR/Fields},
  doi = {10.5065/D6W957CT},
}
@Book{R-ggplot2,
  author = {Hadley Wickham},
  title = {ggplot2: Elegant Graphics for Data Analysis},
  publisher = {Springer-Verlag New York},
  year = {2016},
  isbn = {978-3-319-24277-4},
  url = {https://ggplot2.tidyverse.org},
}
@Manual{R-maps,
  title = {maps: Draw Geographical Maps},
  author = {Original S code by Richard A. Becker and Allan R. Wilks. R version by Ray Brownrigg. Enhancements by Thomas P Minka and Alex Deckmyn.},
  year = {2018},
  note = {R package version 3.3.0},
  url = {https://CRAN.R-project.org/package=maps},
}
@Manual{R-Matrix,
  title = {Matrix: Sparse and Dense Matrix Classes and Methods},
  author = {Douglas Bates and Martin Maechler},
  year = {2019},
  note = {R package version 1.2-17},
  url = {https://CRAN.R-project.org/package=Matrix},
}
@Manual{R-modeest,
  title = {modeest: Mode Estimation},
  author = {Paul Poncet},
  year = {2019},
  note = {R package version 2.4.0},
  url = {https://CRAN.R-project.org/package=modeest},
}
@Manual{R-plot3D,
  title = {plot3D: Plotting Multi-Dimensional Data},
  author = {Karline Soetaert},
  year = {2017},
  note = {R package version 1.1.1},
  url = {https://CRAN.R-project.org/package=plot3D},
}
@Manual{R-pracma,
  title = {pracma: Practical Numerical Math Functions},
  author = {Hans W. Borchers},
  year = {2019},
  note = {R package version 2.2.5},
  url = {https://CRAN.R-project.org/package=pracma},
}
@Article{R-spam_a,
  title = {{spam}: A Sparse Matrix {R} Package with Emphasis on {MCMC} Methods for {G}aussian {M}arkov Random Fields},
  author = {Reinhard Furrer and Stephan R. Sain},
  journal = {Journal of Statistical Software},
  year = {2010},
  volume = {36},
  number = {10},
  pages = {1--25},
  url = {http://www.jstatsoft.org/v36/i10/},
}
@Article{R-spam_b,
  title = {Pitfalls in the Implementation of {B}ayesian Hierarchical Modeling of Areal Count Data: An Illustration Using {BYM} and {L}eroux Models},
  author = {Florian Gerber and Reinhard Furrer},
  journal = {Journal of Statistical Software, Code Snippets},
  year = {2015},
  volume = {63},
  number = {1},
  pages = {1--32},
  url = {http://www.jstatsoft.org/v63/c01/},
}
@Article{R-spam_c,
  title = {Extending {R} packages to support 64-bit compiled code: An illustration with spam64 and {GIMMS} {NDVI3g} data},
  author = {Florian Gerber and Kaspar Moesinger and Reinhard Furrer},
  journal = {Computer & Geoscience},
  year = {2017},
  volume = {104},
  pages = {109--119},
  issn = {0098-3004},
  doi = {10.1016/j.cageo.2016.11.015},
}
@Manual{R-tidyr,
  title = {tidyr: Tidy Messy Data},
  author = {Hadley Wickham and Lionel Henry},
  year = {2020},
  note = {R package version 1.1.0},
  url = {https://CRAN.R-project.org/package=tidyr},
}
@Manual{R-tseriesChaos,
  title = {tseriesChaos: Analysis of Nonlinear Time Series},
  author = {{Antonio} and Fabio Di Narzo},
  year = {2019},
  note = {R package version 0.1-13.1},
  url = {https://CRAN.R-project.org/package=tseriesChaos},
}
@data{DVN/28075_2015,
author = {Boschee, Elizabeth and Lautenschlager, Jennifer and O'Brien, Sean and Shellman, Steve and Starz, James and Ward, Michael},
publisher = {Harvard Dataverse},
title = {{ICEWS Coded Event Data}},
UNF = {UNF:6:NOSHB7wyt0SQ8sMg7+w38w==},
year = {2015},
version = {V27},
doi = {10.7910/DVN/28075},
url = {https://doi.org/10.7910/DVN/28075}
}
@article{coco2014cross,
  title={Cross-recurrence quantification analysis of categorical and continuous time series: an R package},
  author={Coco, Moreno I and Dale, Rick},
  journal={Frontiers in psychology},
  volume={5},
  pages={510},
  year={2014},
  publisher={Frontiers}
}
@book{collins2009violence,
  title={Violence: A micro-sociological theory},
  author={Collins, Randall},
  year={2009},
  publisher={Princeton University Press}
}
@article{durkheim1995elementary,
  title={The Elementary Forms of Religious Life, terj. Karen E. Fields},
  author={Durkheim, Emile},
  journal={New York: Free Press. East, ML, \& Hofer, H.(1991). Loud calling in a female dominated mammalian society, II: behavioural contexts and functions of whooping of spotted hyenas, Crocuta crocuta. Animal Behaviour},
  volume={42},
  pages={651669},
  year={1995}
}
@incollection{fusaroli2014analyzing,
  title={Analyzing social interactions: the promises and challenges of using cross recurrence quantification analysis},
  author={Fusaroli, Riccardo and Konvalinka, Ivana and Wallot, Sebastian},
  booktitle={Translational recurrences},
  pages={137--155},
  year={2014},
  publisher={Springer}
}
@article{gilligan2014civil,
  title={Civil war and social cohesion: Lab-in-the-field evidence from Nepal},
  author={Gilligan, Michael J and Pasquale, Benjamin J and Samii, Cyrus},
  journal={American Journal of Political Science},
  volume={58},
  number={3},
  pages={604--619},
  year={2014},
  publisher={Wiley Online Library}
}
@book{good2013permutation,
  title={Permutation tests: a practical guide to resampling methods for testing hypotheses},
  author={Good, Phillip},
  year={2013},
  publisher={Springer Science \& Business Media}
}
@article{koehler2017political,
  title={Political militaries in popular uprisings: A comparative perspective on the Arab Spring},
  author={Koehler, Kevin},
  journal={International Political Science Review},
  volume={38},
  number={3},
  pages={363--377},
  year={2017},
  publisher={SAGE Publications Sage UK: London, England}
}
@article{lutterbeck2013arab,
  title={Arab uprisings, armed forces, and civil--military relations},
  author={Lutterbeck, Derek},
  journal={Armed Forces \& Society},
  volume={39},
  number={1},
  pages={28--52},
  year={2013},
  publisher={SAGE Publications Sage CA: Los Angeles, CA}
}
@article{santos2015recurrence,
  title={Recurrence quantification analysis of chimera states},
  author={Santos, MS and Szezech Jr, JD and Batista, AM and Caldas, IL and Viana, RL and Lopes, SR},
  journal={Physics Letters A},
  volume={379},
  number={37},
  pages={2188--2192},
  year={2015},
  publisher={Elsevier}
}
@article{paxton2017interpersonal,
  title={Interpersonal movement synchrony responds to high-and low-level conversational constraints},
  author={Paxton, Alexandra and Dale, Rick},
  journal={Frontiers in psychology},
  volume={8},
  pages={1135},
  year={2017},
  publisher={Frontiers}
}
@article{robertson2004understanding,
  title={Understanding inverse document frequency: on theoretical arguments for IDF},
  author={Robertson, Stephen},
  journal={Journal of documentation},
  year={2004},
  publisher={Emerald Group Publishing Limited}
}
@article{spaaij2014sports,
  title={Sports crowd violence: An interdisciplinary synthesis},
  author={Spaaij, Ram{\'o}n},
  journal={Aggression and violent behavior},
  volume={19},
  number={2},
  pages={146--155},
  year={2014},
  publisher={Elsevier}
}
@article{jones1972statistical,
  title={A statistical interpretation of term specificity and its application in retrieval},
  author={Jones, Karen Sparck},
  journal={Journal of documentation},
  year={1972},
  publisher={MCB UP Ltd}
}
@book{turvey2018lectures,
  title={Lectures on perception: An ecological perspective},
  author={Turvey, Michael T},
  year={2018},
  publisher={Routledge}
}
@article{vicari2013public,
  title={Public reasoning around social contention: A case study of Twitter use in the Italian mobilization for global change},
  author={Vicari, Stefania},
  journal={Current Sociology},
  volume={61},
  number={4},
  pages={474--490},
  year={2013},
  publisher={Sage Publications Sage UK: London, England}
}
@article{webber1994dynamical,
  title={Dynamical assessment of physiological systems and states using recurrence plot strategies},
  author={Webber Jr, Charles L and Zbilut, Joseph P},
  journal={Journal of applied physiology},
  volume={76},
  number={2},
  pages={965--973},
  year={1994}
}
@article{webber2005recurrence,
  title={Recurrence quantification analysis of nonlinear dynamical systems},
  author={Webber Jr, Charles L and Zbilut, Joseph P},
  journal={Tutorials in contemporary nonlinear methods for the behavioral sciences},
  volume={94},
  number={2005},
  pages={26--94},
  year={2005}
}
@article{zbilut1998detecting,
  title={Detecting deterministic signals in exceptionally noisy environments using cross-recurrence quantification},
  author={Zbilut, Joseph P and Giuliani, Alessandro and Webber Jr, Charles L},
  journal={Physics Letters A},
  volume={246},
  number={1-2},
  pages={122--128},
  year={1998},
  publisher={Elsevier}
}
@article{zbilut1992embeddings,
  title={Embeddings and delays as derived from quantification of recurrence plots},
  author={Zbilut, Joseph P and Webber Jr, Charles L},
  journal={Physics letters A},
  volume={171},
  number={3-4},
  pages={199--203},
  year={1992},
  publisher={Elsevier}
}
@book{mahner1997foundations,
  title={Foundations of biophilosophy},
  author={Mahner, Martin and Bunge, Mario},
  year={1997},
  publisher={Springer Science \& Business Media}
}

@book{grenander1959probability,
  title={Probability and Statistics: The Harald Cramer Volume},
  author={Grenander, Ulf},
  year={1959},
  publisher={Alqvist \& Wiksell}
}
